@misc{example,
author={Rebecca Brunner},
title={Example Reference},
howpublished={\url{https://www.google.com/}}
}
